%% This BibTeX bibliography file was created using BibDesk.
%% http://bibdesk.sourceforge.net/

%% Created for Laurent Ravera at 2017-05-03 11:28:51 +0200 


%% Saved with string encoding Unicode (UTF-8) 



@article{IrwinHilton2005,
	Author = {Irwin, K D and Hilton, G C},
	Date-Modified = {2017-05-03 09:28:44 +0000},
	Journal = {Cryogenic Particle Detection},
	Month = n/a,
	Pages = {63--150},
	Title = {{Transition-Edge Sensors}},
	Volume = {9},
	Year = {2005}}
